<?xml version='1.0' encoding='utf-8'?>
<record xmlns="http://www.loc.gov/MARC21/slim" xmlns:xsi="http://www.w3.org/2001/XMLSchema-instance">
  <leader>^^^^^nmm^a22003011a^4500</leader>
  <controlfield tag="001">002933920</controlfield>
  <controlfield tag="005">20000501000000.0</controlfield>
  <controlfield tag="008">950310s1994^^^^utu^^^^^^^^d^^^^^^^^eng^d</controlfield>
  <datafield tag="020" ind1=" " ind2=" ">
    <subfield code="a">1567872549</subfield>
  </datafield>
  <datafield tag="035" ind1=" " ind2=" ">
    <subfield code="a">(RLIN)MIUV95-D0</subfield>
  </datafield>
  <datafield tag="035" ind1=" " ind2=" ">
    <subfield code="a">(OCoLC)58944453</subfield>
  </datafield>
  <datafield tag="040" ind1=" " ind2=" ">
    <subfield code="a">MiU-H</subfield>
    <subfield code="c">MiU-H</subfield>
  </datafield>
  <datafield tag="245" ind1="0" ind2="0">
    <subfield code="a">Michigan land records</subfield>
    <subfield code="h">[electronic resource]</subfield>
  </datafield>
  <datafield tag="260" ind1=" " ind2=" ">
    <subfield code="a">[Orem, Utah] :</subfield>
    <subfield code="b">Automated Archives, Inc.,</subfield>
    <subfield code="c">c1994.</subfield>
  </datafield>
  <datafield tag="300" ind1=" " ind2=" ">
    <subfield code="a">1 computer laser optical disc ;</subfield>
    <subfield code="c">4 3/4 in.</subfield>
  </datafield>
  <datafield tag="440" ind1=" " ind2="0">
    <subfield code="a">GRS ;</subfield>
    <subfield code="v">CD254</subfield>
  </datafield>
  <datafield tag="500" ind1=" " ind2=" ">
    <subfield code="a">Disc characteristic: CD-ROM.</subfield>
  </datafield>
  <datafield tag="538" ind1=" " ind2=" ">
    <subfield code="a">System requirements: IBM XT or compatible; MS-DOS; 10 MB hard drive; 478K RAM; CD-ROM reader; CD-ROM extensions 2-D or higher.</subfield>
  </datafield>
  <datafield tag="500" ind1=" " ind2=" ">
    <subfield code="a">Developed by the U.S. Department of the Interior, Bureau of Land Management, Eastern States, using software developed by the U.S. Geological Survey, Geologic Division, Scientific Publications Office.</subfield>
  </datafield>
  <datafield tag="500" ind1=" " ind2=" ">
    <subfield code="a">Title from disc label.</subfield>
  </datafield>
  <datafield tag="520" ind1=" " ind2=" ">
    <subfield code="a">Index to land patents from the Bureau of Land Management Eastern States repository. The documents date back to the late 1700's and include name, date, document number, land office, document type, and title transfer authority.</subfield>
  </datafield>
  <datafield tag="650" ind1=" " ind2="0">
    <subfield code="a">Public lands</subfield>
    <subfield code="z">Michigan</subfield>
    <subfield code="x">Databases.</subfield>
  </datafield>
  <datafield tag="650" ind1=" " ind2="0">
    <subfield code="a">Land grants</subfield>
    <subfield code="z">Michigan</subfield>
    <subfield code="x">Databases.</subfield>
  </datafield>
  <datafield tag="651" ind1=" " ind2="0">
    <subfield code="a">Michigan</subfield>
    <subfield code="x">Genealogy</subfield>
    <subfield code="x">Databases.</subfield>
  </datafield>
  <datafield tag="655" ind1=" " ind2="7">
    <subfield code="a">CD-ROMs.</subfield>
    <subfield code="2">aat</subfield>
  </datafield>
  <datafield tag="852" ind1="8" ind2=" ">
    <subfield code="a">MiU-H</subfield>
    <subfield code="b">BENT</subfield>
    <subfield code="h">97123 Aa 2</subfield>
    <subfield code="x">PTH4</subfield>
  </datafield>
  <datafield tag="998" ind1=" " ind2=" ">
    <subfield code="c">LAC</subfield>
    <subfield code="s">9114</subfield>
  </datafield>
  <datafield tag="955" ind1=" " ind2=" ">
    <subfield code="b">BENT</subfield>
    <subfield code="p">B1164981</subfield>
  </datafield>
</record>
